@book{L94,
  title={Discrete Groups, Expanding Graphs and Invariant Measures},
  author={Lubotzky, A.},
  isbn={9783764350758},
  lccn={94021726},
  series={Progress in Mathematics},
  url={http://books.google.sk/books?id=aNURlzNuotEC},
  year={1994},
  publisher={Birkh{\"a}user}
}

@inproceedings{EF03,
  author    = {Dotan Emanuel and
               Amos Fiat},
  title     = {Correlation Clustering - Minimizing Disagreements on Arbitrary
               Weighted Graphs},
  booktitle = {ESA},
  year      = {2003},
  pages     = {208-220},
  ee        = {http://dx.doi.org/10.1007/978-3-540-39658-1_21},
  crossref  = {DBLP:conf/esa/2003},
  bibsource = {DBLP, http://dblp.uni-trier.de}
}

@proceedings{DBLP:conf/esa/2003,
  editor    = {Giuseppe Di Battista and
               Uri Zwick},
  title     = {Algorithms - ESA 2003, 11th Annual European Symposium, Budapest,
               Hungary, September 16-19, 2003, Proceedings},
  booktitle = {ESA},
  publisher = {Springer},
  series    = {Lecture Notes in Computer Science},
  volume    = {2832},
  year      = {2003},
  isbn      = {3-540-20064-9},
  bibsource = {DBLP, http://dblp.uni-trier.de}
}

@article {BBC04,
   author = {Bansal, Nikhil and Blum, Avrim and Chawla, Shuchi},
   affiliation = {Computer Science Department Carnegie Mellon University Pittsburgh PA 15213 USA},
   title = {Correlation Clustering},
   journal = {Machine Learning},
   publisher = {Springer Netherlands},
   issn = {0885-6125},
   keyword = {Computer Science},
   pages = {89-113},
   volume = {56},
   issue = {1},
   year = {2004}
}


@article{ST04,
  author    = {Daniel A. Spielman and
    Shang-Hua Teng},
  title     = {Smoothed analysis of algorithms: Why the simplex algorithm
    usually takes polynomial time},
  journal   = {J. ACM},
  volume    = {51},
  number    = {3},
  year      = {2004},
  pages     = {385-463},
  ee        = {http://doi.acm.org/10.1145/990308.990310},
  bibsource = {DBLP, http://dblp.uni-trier.de}
}


@article{H99,
  author = {J. H{\aa}stad},
  title={Clique is hard to approximate within $n^{1-\varepsilon}$},
  journal={Acta Mathematica},
  volume={182},
  year={1999},
  pages={105â€“142}
}


@inproceedings{LBILS01,
  author    = {Giuseppe Lancia and
               Vineet Bafna and
               Sorin Istrail and
               Ross Lippert and
               Russell Schwartz},
  title     = {SNPs Problems, Complexity, and Algorithms},
  booktitle = {ESA},
  year      = {2001},
  pages     = {182-193},
  ee        = {http://dx.doi.org/10.1007/3-540-44676-1_15},
  crossref  = {DBLP:conf/esa/2001},
  bibsource = {DBLP, http://dblp.uni-trier.de}
}

@proceedings{DBLP:conf/esa/2001,
  editor    = {Friedhelm {Meyer auf der Heide}},
  title     = {Algorithms - ESA 2001, 9th Annual European Symposium, Aarhus,
               Denmark, August 28-31, 2001, Proceedings},
  booktitle = {ESA},
  publisher = {Springer},
  series    = {Lecture Notes in Computer Science},
  volume    = {2161},
  year      = {2001},
  isbn      = {3-540-42493-8},
  bibsource = {DBLP, http://dblp.uni-trier.de}
}

@article{Bland77,
  author    = {Robert G. Bland},
  title     = {A combinatorial abstraction of linear programming},
  journal   = {J. Comb. Theory, Ser. B},
  volume    = {23},
  number    = {1},
  year      = {1977},
  pages     = {33-57},
  ee        = {http://dx.doi.org/10.1016/0095-8956(77)90055-7},
  bibsource = {DBLP, http://dblp.uni-trier.de}
}

@book{Ch83,
  title={Linear Programming},
  author={Chv{\'a}tal, V.},
  isbn={9780716715870},
  lccn={82021132},
  series={Series of Books in the Mathematical Sciences},
  url={http://books.google.sk/books?id=DN20\_tW\_BV0C},
  year={1983},
  publisher={W.H. Freeman}
}

@book{V04,
  author = {Vazirani, Vijay V.},
  howpublished = {Hardcover},
  isbn = {3540653678},
  month = mar,
  publisher = {Springer},
  title = {{Approximation Algorithms}},
  url = {http://www.amazon.com/exec/obidos/redirect?tag=citeulike07-20\&path=ASIN/3540653678},
  year = {2004}
}


@InCollection{KM72,
  author    = {V. Klee and G. J. Minty},
  title     = {{How Good is the Simplex Algorithm?}},
  booktitle = {{Inequalities III}},
  year      = {1972},
  pages     = {159--175},
  editor    = {O. Shisha},
  publisher = {{Academic Press Inc.}},
  address   = {New York},
}

@article{SST06,
  author    = {Arvind Sankar and
    Daniel A. Spielman and
      Shang-Hua Teng},
  title     = {Smoothed Analysis of the Condition Numbers and Growth Factors
    of Matrices},
  journal   = {SIAM J. Matrix Analysis Applications},
  volume    = {28},
  number    = {2},
  year      = {2006},
  pages     = {446-476},
  ee        = {http://dx.doi.org/10.1137/S0895479803436202},
  bibsource = {DBLP, http://dblp.uni-trier.de}
}

@book{MG07,
  title={Understanding and Using Linear Programming},
  author={Matou{\v{s}}ek, J. and G{\"a}rtner, B.},
  isbn={9783540307174},
  lccn={2006931795},
  series={Universitext (En ligne)},
  url={http://books.google.sk/books?id=6MO\_RS4z0w8C},
  year={2007},
  publisher={Springer}
}

@book{GLS88,
  title={Geometric algorithms and combinatorial optimization},
  author={Gr{\"o}tschel, M. and Lov{\'a}sz, L. and Schrijver, A.},
  isbn={9780387136240},
  lccn={lc87036923},
  series={Algorithms and combinatorics},
  url={http://books.google.sk/books?id=5wHvAAAAMAAJ},
  year={1988},
  publisher={Springer-Verlag}
}

@book{A99,
  title={Complexity and approximation: combinatorial optimization problems and their approximability properties},
  author={Ausiello, G.},
  isbn={9783540654315},
  lccn={99040936},
  url={http://books.google.sk/books?id=Yxxw90d9AuMC},
  year={1999},
  publisher={Springer}
}

@book{WS11,
  title={The Design of Approximation Algorithms},
  author={Williamson, D.P. and Shmoys, D.B.},
  isbn={9780521195270},
  lccn={2011001945},
  url={http://books.google.ch/books?id=Cc\_Fdqf3bBgC},
  year={2011},
  publisher={Cambridge University Press}
}
